<record><leader>00000cas a22000007a 4500</leader><controlfield tag="001">10108613</controlfield><controlfield tag="008">831108d18uu18uupauwr ne      0    0eng d</controlfield><datafield ind1=" " ind2=" " tag="010"><subfield code="a">sn 83032015 </subfield></datafield><datafield ind1=" " ind2=" " tag="040"><subfield code="a">NPU</subfield><subfield code="b">eng</subfield><subfield code="c">NPU</subfield><subfield code="d">NPH</subfield><subfield code="d">OCLCQ</subfield></datafield><datafield ind1=" " ind2=" " tag="042"><subfield code="a">msc</subfield></datafield><datafield ind1="0" ind2=" " tag="130"><subfield code="a">Brookville Republican (Brookville, Pa. : 1836)</subfield></datafield><datafield ind1="1" ind2="0" tag="245"><subfield code="a">Brookville Republican.</subfield></datafield><datafield ind1="1" ind2="7" tag="246"><subfield code="a">Brookville Democratic Republican</subfield></datafield><datafield ind1="1" ind2="3" tag="246"><subfield code="a">Democratic Republican</subfield></datafield><datafield ind1=" " ind2=" " tag="260"><subfield code="a">Brookville, Pa. :</subfield><subfield code="b">James H. Laverty &amp; James M'Cracken</subfield></datafield><datafield ind1=" " ind2=" " tag="300"><subfield code="a">v. ;</subfield><subfield code="c">54 cm.</subfield></datafield><datafield ind1=" " ind2=" " tag="310"><subfield code="a">Weekly</subfield></datafield><datafield ind1=" " ind2=" " tag="588"><subfield code="a">Description based on: Vol. 1, no. 48 (Oct. 6, 1836).</subfield></datafield><datafield ind1=" " ind2=" " tag="752"><subfield code="a">United States</subfield><subfield code="b">Pennsylvania</subfield><subfield code="c">Jefferson</subfield><subfield code="d">Brookville.</subfield></datafield></record>